@report{yellowpaper,
	author = {Dr. Gavin Wood},
	title = {Ethereum: A Secure Decentralized Generalized Transaction Ledger},
	type = {Yellow Paper},
	institution = {Ethereum Foundation},
	date = {2018-01-24},
}
@report{polkadot,
	author = {Dr. Gavin Wood},
	title = {Polkadot: Vision for a Heterogeneous Multi-Chain Framework},
	type = {White Paper},
	institution = {Parity},
}
@online{keybase,
	title = {Understanding Following},
	date = {2017},
	url = {https://keybase.io/docs/server_security/following},
}
@online{gpg,
	title={Building Your Web of Trust},
	date={2018},
	url={https://www.gnupg.org/gph/en/manual/x547.html},
}
@online{nakamoto,
	author = {Satoshi Nakamoto},
	title = {Bitcoin: A Peer-to-Peer Electronic Cash System},
	date = {2008-10-31},
	url = {https://bitcoin.org/bitcoin.pdf}
}
@online{timesharing,
	author = {William Y. Arms},
	title = {Early Timesharing},
	date = {May 2014},
	url = {http://www.cs.cornell.edu/wya/AcademicComputing/text/earlytimesharing.html}
}
@article{entscheidungsproblem,
	author = {A.M. Turing},
	title = {On Computable Numbers, with an Application to the Entscheidungsproblem},
	journaltitle = {Proceedings of the London Mathematical Society},
	date = {1936}
}
@article{golbeck2006inferring,
  title={Inferring binary trust relationships in web-based social networks},
  author={Golbeck, Jennifer and Hendler, James},
  journal={ACM Transactions on Internet Technology (TOIT)},
  volume={6},
  number={4},
  pages={497--529},
  year={2006},
  publisher={ACM New York, NY, USA}
}
@book{golbeck2005computing,
  title={Computing and applying trust in web-based social networks},
  author={Golbeck, Jennifer Ann},
  year={2005},
  publisher={University of Maryland, College Park}
}
@inproceedings{golbeck2003trust,
  title={Trust networks on the semantic web},
  author={Golbeck, Jennifer and Parsia, Bijan and Hendler, James},
  booktitle={International workshop on cooperative information agents},
  pages={238--249},
  year={2003},
  organization={Springer}
}
@inproceedings{kuter2007sunny,
  title={Sunny: A new algorithm for trust inference in social networks using probabilistic confidence models},
  author={Kuter, Ugur and Golbeck, Jennifer},
  year={2007}
}
